@software{rabbitMQ,
  author = {VMware, Inc.},
  title = {RabbitMQ},
  url = {https://www.rabbitmq.com/},
  version = {3.10.7},
  year = {2022},
}

@software{pulsar,
  author = {{Apache Software Foundation}},
  title = {Apache Pulsar},
  url = {https://pulsar.apache.org/},
  version = {2.10.1},
  year = {2022},
}

@software{kafka,
  author = {{Apache Software Foundation}},
  title = {Apache Kafka},
  url = {https://kafka.apache.org/},
  version = {3.2},
  year = {2022},
}

@misc{confluentkafka,
  author = {Confluent, Inc.},
  title = {confluent-kafka-python: Confluent's Kafka Python Client},
  year = {2022},
  publisher = {GitHub},
  journal = {GitHub repository},
  url = {https://github.com/confluentinc/confluent-kafka-python}
}

@software{awssss,
  author = {{Amazon Web Services}},
  title = {Amazon Simple Storage Service},
  url = {https://aws.amazon.com/s3/},
  year = {2022},
}

@misc{kafkacrypto,
  author = {Tyrel M. McQueen},
  title = {kafkacrypto: Message Layer Encryption for Kafka},
  year = {2022},
  publisher = {GitHub},
  journal = {GitHub repository},
  url = {https://github.com/tmcqueen-materials/kafkacrypto},
}

@Article{         harris2020array,
 title         = {Array programming with {NumPy}},
 author        = {Charles R. Harris and K. Jarrod Millman and St{\'{e}}fan J.
                 van der Walt and Ralf Gommers and Pauli Virtanen and David
                 Cournapeau and Eric Wieser and Julian Taylor and Sebastian
                 Berg and Nathaniel J. Smith and Robert Kern and Matti Picus
                 and Stephan Hoyer and Marten H. van Kerkwijk and Matthew
                 Brett and Allan Haldane and Jaime Fern{\'{a}}ndez del
                 R{\'{i}}o and Mark Wiebe and Pearu Peterson and Pierre
                 G{\'{e}}rard-Marchant and Kevin Sheppard and Tyler Reddy and
                 Warren Weckesser and Hameer Abbasi and Christoph Gohlke and
                 Travis E. Oliphant},
 year          = {2020},
 month         = sep,
 journal       = {Nature},
 volume        = {585},
 number        = {7825},
 pages         = {357--362},
 doi           = {10.1038/s41586-020-2649-2},
 publisher     = {Springer Science and Business Media {LLC}},
 url           = {https://doi.org/10.1038/s41586-020-2649-2}
}

@ARTICLE{2020SciPy-NMeth,
  author  = {Virtanen, Pauli and Gommers, Ralf and Oliphant, Travis E. and
            Haberland, Matt and Reddy, Tyler and Cournapeau, David and
            Burovski, Evgeni and Peterson, Pearu and Weckesser, Warren and
            Bright, Jonathan and {van der Walt}, St{\'e}fan J. and
            Brett, Matthew and Wilson, Joshua and Millman, K. Jarrod and
            Mayorov, Nikolay and Nelson, Andrew R. J. and Jones, Eric and
            Kern, Robert and Larson, Eric and Carey, C J and
            Polat, {\.I}lhan and Feng, Yu and Moore, Eric W. and
            {VanderPlas}, Jake and Laxalde, Denis and Perktold, Josef and
            Cimrman, Robert and Henriksen, Ian and Quintero, E. A. and
            Harris, Charles R. and Archibald, Anne M. and
            Ribeiro, Ant{\^o}nio H. and Pedregosa, Fabian and
            {van Mulbregt}, Paul and {SciPy 1.0 Contributors}},
  title   = {{{SciPy} 1.0: Fundamental Algorithms for Scientific
            Computing in Python}},
  journal = {Nature Methods},
  year    = {2020},
  volume  = {17},
  pages   = {261--272},
  adsurl  = {https://rdcu.be/b08Wh},
  doi     = {10.1038/s41592-019-0686-2},
}

@software{reback2020pandas,
    author       = { {The pandas development team} },
    title        = {pandas-dev/pandas: Pandas},
    month        = feb,
    year         = 2020,
    publisher    = {Zenodo},
    version      = {latest},
    doi          = {10.5281/zenodo.3509134},
    url          = {https://doi.org/10.5281/zenodo.3509134}
}

@InProceedings{mckinney-proc-scipy-2010,
  author    = { {W}es {M}c{K}inney },
  title     = { {D}ata {S}tructures for {S}tatistical {C}omputing in {P}ython },
  booktitle = { {P}roceedings of the 9th {P}ython in {S}cience {C}onference },
  pages     = { 56 - 61 },
  year      = { 2010 },
  editor    = { {S}t\'efan van der {W}alt and {J}arrod {M}illman },
  doi       = { 10.25080/Majora-92bf1922-00a }
}

@misc{bluesky,
  author = {{Brookhaven National Lab}},
  title = {Bluesky â€” An Experiment Specification & Orchestration Engine},
  year = {2022},
  publisher = {GitHub},
  journal = {GitHub repository},
  url = {https://github.com/bluesky/bluesky}
}

@software{kafkastreams,
  author = {{Apache Software Foundation}},
  title = {Kafka Streams},
  url = {https://kafka.apache.org/documentation/streams/},
  year = {2022},
}

@article{mgisp,
  author = {{U.S. White House Office of Science and Technology Policy}},
  title = {Materials Genome Initiative Strategic Plan},
  year = {2021},
  url = {https://www.mgi.gov/sites/default/files/documents/MGI-2021-Strategic-Plan.pdf},
}

@misc{bytewax,
  author = {Bytewax, Inc.},
  title = {Bytewax - Python Stateful Stream Processing Framework},
  year = {2022},
  publisher = {GitHub},
  journal = {GitHub repository},
  url = {https://github.com/bytewax/bytewax}
}

@misc{streamz,
  author = {Matthew Rocklin},
  title = {Streamz},
  year = {2022},
  publisher = {GitHub},
  journal = {GitHub repository},
  url = {https://github.com/python-streamz/streamz}
}
